@book{Bai08,
author = {Christel Baier, Joost-Pieter Katoen},
title = {Principles of Model Checking},
publisher = {MIT Press},
year = {2008},
langid = {english}
}

@article{Bar12,
author = {Jiří Barnat, Luboš Brim, Petr Ročkai},
title = {On-the-fly parallel model checking algorithm that is optimal for
verification of weak LTL properties},
journal = {Science of Computer Programming},
year = {2012},
volume = {77},
number = {12},
pages = {1272-1288},
month = {10},

langid = {english}
}

@article{Jac05,
author = {Jaco Geldenhuys, Antti Valmari},
title = {More efficient on-the-fly LTL verification with Tarjan's algorithm},
journal = {Theoretical Computer Science},
year = {2005},
volume = {345},
number = {1},
pages = {60-82},
month = {11},

langid = {english}
}

@book{Lam05,
author = {William K. Lam},
title = {Hardware Design Verification: Simulation and Formal Method-Based Approaches},
publisher = {Prentice Hall},
year = {2005},

langid = {english}
}

@article{Alp85,
author = {Bowen Alpern, Fred B. Schneider},
title = {Defining liveness},
journal = {Information Processing Letters},
year = {1985},
volume = {21},
number = {4},
pages = {181-185},

langid = {english}
}

@article{Alp87,
author = {Bowen Alpern, Fred B. Schneider},
title = {Recognizing safety and liveness},
journal = {Distributed Computing},
year = {1987},
volume = {2},
number = {3},
pages = {117-126},

langid = {english}
}

@article{Cla11,
author = {Edmund M. ClarkeWilliam KlieberMiloš NováčekPaolo Zuliani},
title = {Model Checking and the State Explosion Problem},
journal = {LASER Summer School},
year = {2011},
pages = {1-30},

langid = {english}
}

@book{Bel17,
author = {Calin Belta, Boyan Yordanov, Ebru Aydin Gol},
title = {Formal Methods for Discrete-Time Dynamical Systems},
publisher = {Springer International Publishing},
year = {2017},

langid = {english}
}

@article{Sis87,
author = {A. Prasad Sistla, Moshe Y. Vardi, Pierre Wolper},
title = {The complementation problem for Büchi automata with applications to temporal logic},
journal = {Theoretical Computer Science},
year = {1987},
volume = {49},
pages = {217-237},

langid = {english}
}

@phdthesis{Sis83,
author = {A. Prasad Sistla},
title = {Theoretical issues in the design and verification of distributed systems},
school = {Harvard University},
year = {1983},

langid = {english}
}

@INPROCEEDINGS{Wol83, 
author={P. Wolper, M. Y. Vardi, A. P. Sistla}, 
booktitle={24th Annual Symposium on Foundations of Computer Science (sfcs 1983)}, 
title={Reasoning about infinite computation paths}, 
year={1983}, 
pages={185-194}, 
keywords={Logic;Automata;Robustness;Polynomials}, 
doi={10.1109/SFCS.1983.51}, 
ISSN={0272-5428}, 
month={Nov},

langid = {english}
}

@inbook{Buch66,
author = {Richard Büchi, J},
year = {1966},
month = {12},
pages = {1-11},
title = {Symposium on Decision Problems: On a Decision Method in Restricted Second Order Arithmetic},
volume = {44},
journal = {Stud Logic Found Math}
}

@book{Mer14,
author = {Stephan Merz, Jun Pang},
title = {Formal Methods and Software Engineering},
publisher = {Springer International Publishing},
year = {2014},
langid = {english}
}

@article{Dol95,
author = {Gerth, Rob and Dolech, Den and Peled, Doron and Vardi, Moshe and Wolper, Pierre},
year = {1995},
month = {12},
title = {Simple On-the-Fly Automatic Verification of Linear Temporal Logic},
journal = {Proceedings of the 6th Symposium on Logic in Computer Science},
doi = {10.1007/978-0-387-34892-6_1}
}
